@COMMENT{halevy2009unreasonable,
  title={The unreasonable effectiveness of data},
  author={Halevy, A. and Norvig, P. and Pereira, F.},
  journal={Intelligent Systems, IEEE},
  volume={24},
  number={2},
  pages={8--12},
  year={2009},
  publisher={IEEE}
}